@article{
  ChildsGoldstone,
  title = {Spatial search by quantum walk},
  author = {Childs, Andrew M. and Goldstone, Jeffrey},
  journal = {Phys. Rev. A},
  volume = {70},
  issue = {2},
  pages = {022314},
  numpages = {11},
  year = {2004},
  month = {Aug},
  publisher = {American Physical Society},
  doi = {10.1103/PhysRevA.70.022314},
  url = {https://link.aps.org/doi/10.1103/PhysRevA.70.022314}
}

@article{
  extendChildsGoldstone,
  title = {Quantum-walk approach to searching on fractal structures},
  author = {Agliari, E. and Blumen, A. and M\"ulken, O.},
  journal = {Phys. Rev. A},
  volume = {82},
  issue = {1},
  pages = {012305},
  numpages = {13},
  year = {2010},
  month = {Jul},
  publisher = {American Physical Society},
  doi = {10.1103/PhysRevA.82.012305},
  url = {https://link.aps.org/doi/10.1103/PhysRevA.82.012305}
}

@misc{
  MograbyEtAl,
  doi = {10.48550/ARXIV.2207.01686},
  url = {https://arxiv.org/abs/2207.01686},
  author = {Mograby, Gamal and Balu, Radhakrishnan and Okoudjou, Kasso A. and Teplyaev, Alexander},
  keywords = {Mathematical Physics (math-ph), Quantum Physics (quant-ph), FOS: Physical sciences, FOS: Physical sciences, 81P45, 81Q35, 05C22, 81Q10},
  title = {Quantitative approach to Grover's quantum walk on graphs},
  publisher = {arXiv},
  year = {2022},
  copyright = {Creative Commons Attribution Non Commercial No Derivatives 4.0 International}
}
